<?xml version="1.0" encoding="UTF-8"?><collection xmlns="http://www.loc.gov/MARC21/slim"><record><leader>00563nam--2200193-u-4500</leader><controlfield tag="001">000055038</controlfield><controlfield tag="002">20161230</controlfield><controlfield tag="005">20161230201051</controlfield><controlfield tag="008">121025s1000------------r-----000-0-eng-d</controlfield><datafield ind1=" " ind2=" " tag="020"><subfield code="a">0805351035</subfield></datafield><datafield ind1=" " ind2=" " tag="040"><subfield code="a">IFIN-HH</subfield></datafield><datafield ind1=" " ind2=" " tag="080"><subfield code="a">539.2</subfield></datafield><datafield ind1="1" ind2=" " tag="100"><subfield code="a">Juretschke, Hellmut J</subfield></datafield><datafield ind1="1" ind2="0" tag="245"><subfield code="a">Crystal physics</subfield><subfield code="b">Macroscopic physics of anisotropic solids</subfield><subfield code="c">Hellmut j. juretschke</subfield></datafield><datafield ind1=" " ind2=" " tag="260"><subfield code="a">Reading, Massachusetts</subfield><subfield code="b">W.A. Benjamin, Inc</subfield><subfield code="c">1974</subfield></datafield><datafield ind1=" " ind2=" " tag="300"><subfield code="a">XVI+220P</subfield></datafield><datafield ind1=" " ind2=" " tag="490"><subfield code="a">Modern Physics Monograph Series</subfield></datafield><datafield ind1=" " ind2=" " tag="852"><subfield code="a">43419</subfield><subfield code="c">539.2</subfield></datafield><datafield ind1=" " ind2=" " tag="CAT"><subfield code="a">Sys</subfield><subfield code="c">20121025</subfield><subfield code="h">120444</subfield></datafield></record></collection>